[gd_scene load_steps=11 format=2]

[ext_resource path="res://Objects/PlanetCard/planet.gd" type="Script" id=1]
[ext_resource path="res://Assets/Temp/Planets/Barren.png" type="Texture" id=2]
[ext_resource path="res://Assets/Icons/Points.tscn" type="PackedScene" id=3]
[ext_resource path="res://Assets/Icons/Ore.tscn" type="PackedScene" id=4]
[ext_resource path="res://Assets/Icons/Fuel.tscn" type="PackedScene" id=5]
[ext_resource path="res://Assets/Icons/Food.tscn" type="PackedScene" id=6]
[ext_resource path="res://Assets/Temp/test.tres" type="Theme" id=7]
[ext_resource path="res://Assets/Icons/Unknown.tscn" type="PackedScene" id=8]
[ext_resource path="res://Assets/Materials/PanelColor.gdshader" type="Shader" id=9]

[sub_resource type="ShaderMaterial" id=2]
resource_local_to_scene = true
shader = ExtResource( 9 )
shader_param/active = false
shader_param/player_color = Color( 1, 0, 1, 1 )

[node name="Planet2" type="PanelContainer"]
material = SubResource( 2 )
anchor_right = 1.0
anchor_bottom = 1.0
margin_left = 44.0
margin_top = 78.0
margin_right = -1166.0
margin_bottom = -572.0
rect_min_size = Vector2( 70, 70 )
size_flags_horizontal = 4
size_flags_vertical = 4
theme = ExtResource( 7 )
script = ExtResource( 1 )
__meta__ = {
"_edit_use_anchors_": false
}

[node name="MarginContainer" type="MarginContainer" parent="."]
margin_right = 70.0
margin_bottom = 70.0

[node name="HBox" type="HBoxContainer" parent="MarginContainer"]
margin_right = 70.0
margin_bottom = 70.0

[node name="Unknown" parent="MarginContainer/HBox" instance=ExtResource( 8 )]
margin_right = 10.0
margin_bottom = 70.0
rect_min_size = Vector2( 10, 10 )

[node name="PlanetPoints" type="VBoxContainer" parent="MarginContainer/HBox"]
visible = false
margin_left = 14.0
margin_right = 24.0
margin_bottom = 66.0
rect_min_size = Vector2( 10, 0 )
alignment = 1

[node name="Points" parent="MarginContainer/HBox/PlanetPoints" instance=ExtResource( 3 )]
margin_top = 21.0
margin_right = 10.0
margin_bottom = 31.0
rect_min_size = Vector2( 10, 10 )

[node name="Points2" parent="MarginContainer/HBox/PlanetPoints" instance=ExtResource( 3 )]
margin_top = 35.0
margin_right = 10.0
margin_bottom = 45.0
rect_min_size = Vector2( 10, 10 )

[node name="VBoxContainer" type="VBoxContainer" parent="MarginContainer/HBox"]
margin_left = 14.0
margin_right = 56.0
margin_bottom = 70.0
size_flags_horizontal = 3
alignment = 1

[node name="Unknown3" parent="MarginContainer/HBox/VBoxContainer" instance=ExtResource( 8 )]
margin_right = 42.0
margin_bottom = 10.0
rect_min_size = Vector2( 10, 10 )

[node name="Food" type="HBoxContainer" parent="MarginContainer/HBox/VBoxContainer"]
visible = false
margin_top = 14.0
margin_right = 38.0
margin_bottom = 24.0
rect_min_size = Vector2( 0, 10 )
alignment = 1

[node name="Food" parent="MarginContainer/HBox/VBoxContainer/Food" instance=ExtResource( 6 )]
margin_left = 7.0
margin_right = 17.0
margin_bottom = 10.0
rect_min_size = Vector2( 10, 10 )

[node name="Food2" parent="MarginContainer/HBox/VBoxContainer/Food" instance=ExtResource( 6 )]
margin_left = 21.0
margin_right = 31.0
margin_bottom = 10.0
rect_min_size = Vector2( 10, 10 )

[node name="AspectRatioContainer" type="AspectRatioContainer" parent="MarginContainer/HBox/VBoxContainer"]
margin_top = 14.0
margin_right = 42.0
margin_bottom = 56.0
rect_min_size = Vector2( 0, 20 )
size_flags_horizontal = 3
size_flags_vertical = 3

[node name="Appearance" type="TextureRect" parent="MarginContainer/HBox/VBoxContainer/AspectRatioContainer"]
margin_right = 42.0
margin_bottom = 42.0
rect_min_size = Vector2( 20, 20 )
texture = ExtResource( 2 )
expand = true
stretch_mode = 6

[node name="Unknown4" parent="MarginContainer/HBox/VBoxContainer" instance=ExtResource( 8 )]
margin_top = 60.0
margin_right = 42.0
margin_bottom = 70.0
rect_min_size = Vector2( 10, 10 )

[node name="Ore" type="HBoxContainer" parent="MarginContainer/HBox/VBoxContainer"]
visible = false
margin_top = 66.0
margin_right = 38.0
margin_bottom = 76.0
rect_min_size = Vector2( 0, 10 )
alignment = 1

[node name="Ore" parent="MarginContainer/HBox/VBoxContainer/Ore" instance=ExtResource( 4 )]
margin_left = 7.0
margin_right = 17.0
margin_bottom = 10.0
rect_min_size = Vector2( 10, 10 )

[node name="Ore2" parent="MarginContainer/HBox/VBoxContainer/Ore" instance=ExtResource( 4 )]
margin_left = 21.0
margin_right = 31.0
margin_bottom = 10.0
rect_min_size = Vector2( 10, 10 )

[node name="Fuel" type="VBoxContainer" parent="MarginContainer/HBox"]
visible = false
margin_left = 42.0
margin_right = 52.0
margin_bottom = 66.0
rect_min_size = Vector2( 10, 0 )
alignment = 1

[node name="Fuel" parent="MarginContainer/HBox/Fuel" instance=ExtResource( 5 )]
margin_top = 21.0
margin_right = 10.0
margin_bottom = 31.0
rect_min_size = Vector2( 10, 10 )

[node name="Fuel2" parent="MarginContainer/HBox/Fuel" instance=ExtResource( 5 )]
margin_top = 35.0
margin_right = 10.0
margin_bottom = 45.0
rect_min_size = Vector2( 10, 10 )

[node name="Unknown2" parent="MarginContainer/HBox" instance=ExtResource( 8 )]
margin_left = 60.0
margin_right = 70.0
margin_bottom = 70.0
rect_min_size = Vector2( 10, 10 )
