[gd_scene load_steps=9 format=2]

[ext_resource path="res://Objects/PlanetCard/planet_pile.gd" type="Script" id=1]
[ext_resource path="res://Assets/Temp/Planets/Barren.png" type="Texture" id=7]
[ext_resource path="res://Assets/Temp/test.tres" type="Theme" id=8]
[ext_resource path="res://Assets/Temp/Planets/planetbackground.png" type="Texture" id=9]
[ext_resource path="res://Assets/Temp/Planets/space.jpg" type="Texture" id=10]

[sub_resource type="Shader" id=1]
code = "shader_type canvas_item;

uniform sampler2D cardShape;

void fragment(){
	vec4 color = texture(TEXTURE, UV);
	vec4 mask = texture(cardShape, UV);
	
	
	if (color.r < 0.8)
		color = vec4(0.0, 0.0, 0.0, 1.0);
	
	if (mask.a == 0.0)
		color = vec4(0.0);
	
	COLOR = color;
}"

[sub_resource type="ShaderMaterial" id=2]
shader = SubResource( 1 )
shader_param/cardShape = ExtResource( 9 )

[sub_resource type="StyleBoxTexture" id=3]
texture = ExtResource( 10 )
region_rect = Rect2( 0, 0, 1000, 700 )

[node name="PlanetPile" type="PanelContainer"]
material = SubResource( 2 )
margin_right = 150.0
margin_bottom = 150.0
rect_min_size = Vector2( 150, 150 )
theme = ExtResource( 8 )
custom_styles/panel = SubResource( 3 )
script = ExtResource( 1 )

[node name="MarginContainer" type="MarginContainer" parent="."]
margin_right = 150.0
margin_bottom = 150.0

[node name="HBox" type="HBoxContainer" parent="MarginContainer"]
margin_right = 150.0
margin_bottom = 150.0

[node name="PlanetPoints" type="VBoxContainer" parent="MarginContainer/HBox"]
margin_right = 25.0
margin_bottom = 150.0
rect_min_size = Vector2( 25, 0 )
alignment = 1

[node name="VBoxContainer" type="VBoxContainer" parent="MarginContainer/HBox"]
margin_left = 29.0
margin_right = 121.0
margin_bottom = 150.0
size_flags_horizontal = 3
alignment = 1

[node name="Food" type="HBoxContainer" parent="MarginContainer/HBox/VBoxContainer"]
margin_right = 92.0
margin_bottom = 25.0
rect_min_size = Vector2( 0, 25 )
alignment = 1

[node name="AspectRatioContainer" type="AspectRatioContainer" parent="MarginContainer/HBox/VBoxContainer"]
margin_top = 29.0
margin_right = 92.0
margin_bottom = 121.0
size_flags_horizontal = 3
size_flags_vertical = 3

[node name="Appearance" type="TextureRect" parent="MarginContainer/HBox/VBoxContainer/AspectRatioContainer"]
margin_right = 92.0
margin_bottom = 92.0
rect_min_size = Vector2( 40, 0 )
texture = ExtResource( 7 )
expand = true
stretch_mode = 6

[node name="Ore" type="HBoxContainer" parent="MarginContainer/HBox/VBoxContainer"]
margin_top = 125.0
margin_right = 92.0
margin_bottom = 150.0
rect_min_size = Vector2( 0, 25 )
alignment = 1

[node name="Fuel" type="VBoxContainer" parent="MarginContainer/HBox"]
margin_left = 125.0
margin_right = 150.0
margin_bottom = 150.0
rect_min_size = Vector2( 25, 0 )
alignment = 1

[node name="CenterContainer" type="CenterContainer" parent="."]
margin_right = 150.0
margin_bottom = 150.0

[node name="StackSize" type="Label" parent="CenterContainer"]
unique_name_in_owner = true
margin_left = 68.0
margin_top = 63.0
margin_right = 82.0
margin_bottom = 87.0
text = "35"
