[gd_scene load_steps=6 format=2]

[ext_resource path="res://Objects/Player/Tableau/tableau.gd" type="Script" id=1]
[ext_resource path="res://Assets/Temp/test.tres" type="Theme" id=2]
[ext_resource path="res://Assets/Materials/PanelColor.gdshader" type="Shader" id=3]
[ext_resource path="res://Assets/Temp/Icons/creature-0.png" type="Texture" id=4]

[sub_resource type="ShaderMaterial" id=1]
shader = ExtResource( 3 )
shader_param/active = false
shader_param/player_color = Color( 1, 0, 1, 1 )

[node name="Tableau" type="Control"]
anchor_right = 1.0
anchor_bottom = 1.0
margin_right = -1024.0
margin_bottom = -600.0
rect_min_size = Vector2( 500, 155 )
theme = ExtResource( 2 )
script = ExtResource( 1 )

[node name="CenterContainer" type="CenterContainer" parent="."]
anchor_right = 1.0
anchor_bottom = 1.0

[node name="VBoxContainer" type="VBoxContainer" parent="CenterContainer"]
margin_top = 2.0
margin_right = 500.0
margin_bottom = 152.0
rect_min_size = Vector2( 500, 0 )
alignment = 1
__meta__ = {
"_edit_use_anchors_": false
}

[node name="MarginContainer" type="MarginContainer" parent="CenterContainer/VBoxContainer"]
margin_right = 500.0
margin_bottom = 150.0
__meta__ = {
"_edit_use_anchors_": false
}

[node name="HBoxContainer" type="HBoxContainer" parent="CenterContainer/VBoxContainer/MarginContainer"]
margin_right = 500.0
margin_bottom = 150.0
alignment = 1

[node name="Appearance" type="PanelContainer" parent="CenterContainer/VBoxContainer/MarginContainer/HBoxContainer"]
unique_name_in_owner = true
material = SubResource( 1 )
margin_left = 5.0
margin_right = 120.0
margin_bottom = 150.0
rect_min_size = Vector2( 0, 150 )

[node name="MarginContainer" type="MarginContainer" parent="CenterContainer/VBoxContainer/MarginContainer/HBoxContainer/Appearance"]
margin_right = 115.0
margin_bottom = 150.0
custom_constants/margin_right = 10
custom_constants/margin_top = 10
custom_constants/margin_left = 5
custom_constants/margin_bottom = 5

[node name="VBoxContainer" type="VBoxContainer" parent="CenterContainer/VBoxContainer/MarginContainer/HBoxContainer/Appearance/MarginContainer"]
margin_left = 5.0
margin_top = 10.0
margin_right = 105.0
margin_bottom = 145.0
custom_constants/separation = 11

[node name="Name" type="Label" parent="CenterContainer/VBoxContainer/MarginContainer/HBoxContainer/Appearance/MarginContainer/VBoxContainer"]
unique_name_in_owner = true
margin_right = 100.0
margin_bottom = 40.0
rect_min_size = Vector2( 0, 40 )
size_flags_horizontal = 3
text = "Your Name"

[node name="Points" type="Label" parent="CenterContainer/VBoxContainer/MarginContainer/HBoxContainer/Appearance/MarginContainer/VBoxContainer"]
unique_name_in_owner = true
margin_top = 51.0
margin_right = 100.0
margin_bottom = 75.0
size_flags_horizontal = 3
text = "Points"

[node name="HBoxContainer4" type="HBoxContainer" parent="CenterContainer/VBoxContainer/MarginContainer/HBoxContainer/Appearance/MarginContainer/VBoxContainer"]
margin_top = 86.0
margin_right = 100.0
margin_bottom = 135.0
rect_min_size = Vector2( 100, 0 )
size_flags_vertical = 3
alignment = 1

[node name="TextureRect" type="TextureRect" parent="CenterContainer/VBoxContainer/MarginContainer/HBoxContainer/Appearance/MarginContainer/VBoxContainer/HBoxContainer4"]
margin_left = 23.0
margin_right = 55.0
margin_bottom = 49.0
rect_min_size = Vector2( 32, 32 )
texture = ExtResource( 4 )
stretch_mode = 6

[node name="Label" type="Label" parent="CenterContainer/VBoxContainer/MarginContainer/HBoxContainer/Appearance/MarginContainer/VBoxContainer/HBoxContainer4"]
margin_left = 59.0
margin_top = 12.0
margin_right = 65.0
margin_bottom = 36.0
text = "x"

[node name="ShipCount" type="Label" parent="CenterContainer/VBoxContainer/MarginContainer/HBoxContainer/Appearance/MarginContainer/VBoxContainer/HBoxContainer4"]
unique_name_in_owner = true
margin_left = 69.0
margin_top = 12.0
margin_right = 77.0
margin_bottom = 36.0
text = "0"

[node name="CardSlots" type="GridContainer" parent="CenterContainer/VBoxContainer/MarginContainer/HBoxContainer"]
unique_name_in_owner = true
margin_left = 124.0
margin_right = 494.0
margin_bottom = 150.0
rect_min_size = Vector2( 370, 150 )
custom_constants/vseparation = 10
custom_constants/hseparation = 5
columns = 5
